@misc{fraktale,
  url={http://www.enchgallery.com/fractals/fracthumbs.htm}}

@misc{koch,
  url={http://de.wikipedia.org/wiki/Koch-Kurve}}

@misc{chaosspiel,
  url={http://de.wikipedia.org/wiki/Sierpinski-Dreieck#Chaos-Spiel}}

@misc{subst,
  url={http://de.wikipedia.org/wiki/Monoalphabetische_Substitution}}

@misc{laby,
  url={http://www.ikm.uni-osnabrueck.de/aktivitaeten/dl/dynamische-labyrinthe.htm}}
